@ARTICLE{Girelli+2020,
       author = {{Girelli}, G. and {Pozzetti}, L. and {Bolzonella}, M. and {Giocoli}, C. and {Marulli}, F. and {Baldi}, M.},
        title = "{The stellar-to-halo mass relation over the past 12 Gyr. I. Standard {\ensuremath{\Lambda}}CDM model}",
      journal = {\aap},
     keywords = {galaxies: formation, galaxies: evolution, cosmology: observations, galaxies: luminosity function, mass function, dark matter, galaxies: high-redshift, Astrophysics - Cosmology and Nongalactic Astrophysics, Astrophysics - Astrophysics of Galaxies},
         year = 2020,
        month = feb,
       volume = {634},
          eid = {A135},
        pages = {A135},
          doi = {10.1051/0004-6361/201936329},
archivePrefix = {arXiv},
       eprint = {2001.02230},
 primaryClass = {astro-ph.CO},
       adsurl = {https://ui.adsabs.harvard.edu/abs/2020A&A...634A.135G},
      adsnote = {Provided by the SAO/NASA Astrophysics Data System}
}

@ARTICLE{Hopkins+2010,
       author = {{Hopkins}, Philip F. and {Bundy}, Kevin and {Croton}, Darren and {Hernquist}, Lars and {Keres}, Dusan and {Khochfar}, Sadegh and {Stewart}, Kyle and {Wetzel}, Andrew and {Younger}, Joshua D.},
        title = "{Mergers and Bulge Formation in {\ensuremath{\Lambda}}CDM: Which Mergers Matter?}",
      journal = {\apj},
     keywords = {cosmology: theory, galaxies: active, galaxies: evolution, galaxies: formation, Astrophysics - Cosmology and Extragalactic Astrophysics, Astrophysics - Galaxy Astrophysics},
         year = 2010,
        month = may,
       volume = {715},
       number = {1},
        pages = {202-229},
          doi = {10.1088/0004-637X/715/1/202},
archivePrefix = {arXiv},
       eprint = {0906.5357},
 primaryClass = {astro-ph.CO},
       adsurl = {https://ui.adsabs.harvard.edu/abs/2010ApJ...715..202H},
      adsnote = {Provided by the SAO/NASA Astrophysics Data System}
}

@ARTICLE{RG+2016,
       author = {{Rodriguez-Gomez}, Vicente and {Pillepich}, Annalisa and {Sales}, Laura V. and {Genel}, Shy and {Vogelsberger}, Mark and {Zhu}, Qirong and {Wellons}, Sarah and {Nelson}, Dylan and {Torrey}, Paul and {Springel}, Volker and {Ma}, Chung-Pei and {Hernquist}, Lars},
        title = "{The stellar mass assembly of galaxies in the Illustris simulation: growth by mergers and the spatial distribution of accreted stars}",
      journal = {\mnras},
     keywords = {methods: numerical, galaxies: formation, galaxies: haloes, galaxies: interactions, cosmology: theory, Astrophysics - Astrophysics of Galaxies, Astrophysics - Cosmology and Nongalactic Astrophysics},
         year = 2016,
        month = may,
       volume = {458},
       number = {3},
        pages = {2371-2390},
          doi = {10.1093/mnras/stw456},
archivePrefix = {arXiv},
       eprint = {1511.08804},
 primaryClass = {astro-ph.GA},
       adsurl = {https://ui.adsabs.harvard.edu/abs/2016MNRAS.458.2371R},
      adsnote = {Provided by the SAO/NASA Astrophysics Data System}
}


@ARTICLE{Hao+2022,
       author = {{Fu}, Hao and {Shankar}, Francesco and {Ayromlou}, Mohammadreza and {Dickson}, Max and {Koutsouridou}, Ioanna and {Rosas-Guevara}, Yetli and {Marsden}, Christopher and {Brocklebank}, Kristina and {Bernardi}, Mariangela and {Shiamtanis}, Nikolaos and {Williams}, Joseph and {Zanisi}, Lorenzo and {Allevato}, Viola and {Boco}, Lumen and {Bonoli}, Silvia and {Cattaneo}, Andrea and {Dimauro}, Paola and {Jiang}, Fangzhou and {Lapi}, Andrea and {Menci}, Nicola and {Petropoulou}, Stefani and {Villforth}, Carolin},
        title = "{Testing the key role of the stellar mass-halo mass relation in galaxy merger rates and morphologies via DECODE, a novel Discrete statistical sEmi-empiriCal mODEl}",
      journal = {\mnras},
     keywords = {galaxies: abundances, galaxies: evolution, galaxies: general, galaxies: haloes, Astrophysics - Cosmology and Nongalactic Astrophysics, Astrophysics - Astrophysics of Galaxies},
         year = 2022,
        month = nov,
       volume = {516},
       number = {3},
        pages = {3206-3233},
          doi = {10.1093/mnras/stac2205},
archivePrefix = {arXiv},
       eprint = {2208.00014},
 primaryClass = {astro-ph.CO},
       adsurl = {https://ui.adsabs.harvard.edu/abs/2022MNRAS.516.3206F},
      adsnote = {Provided by the SAO/NASA Astrophysics Data System}
}

@ARTICLE{Ramos+2022,
       author = {{Sotillo-Ramos}, Diego and {Pillepich}, Annalisa and {Donnari}, Martina and {Nelson}, Dylan and {Eisert}, Lukas and {Rodriguez-Gomez}, Vicente and {Joshi}, Gandhali and {Vogelsberger}, Mark and {Hernquist}, Lars},
        title = "{The merger and assembly histories of Milky Way- and M31-like galaxies with TNG50: disc survival through mergers}",
      journal = {\mnras},
     keywords = {methods: numerical, Galaxy: evolution, Galaxy: structure, galaxies: interactions, galaxies: spiral, galaxies: structure, Galaxy: disc, Astrophysics - Astrophysics of Galaxies},
         year = 2022,
        month = nov,
       volume = {516},
       number = {4},
        pages = {5404-5427},
          doi = {10.1093/mnras/stac2586},
archivePrefix = {arXiv},
       eprint = {2211.00036},
 primaryClass = {astro-ph.GA},
       adsurl = {https://ui.adsabs.harvard.edu/abs/2022MNRAS.516.5404S},
      adsnote = {Provided by the SAO/NASA Astrophysics Data System}
}

@ARTICLE{Moster+2013,
       author = {{Moster}, Benjamin P. and {Naab}, Thorsten and {White}, Simon D.~M.},
        title = "{Galactic star formation and accretion histories from matching galaxies to dark matter haloes}",
      journal = {\mnras},
     keywords = {galaxies: evolution, galaxies: high-redshift, galaxies: statistics, galaxies: stellar content, cosmology: theory, dark matter, Astrophysics - Cosmology and Nongalactic Astrophysics},
         year = 2013,
        month = feb,
       volume = {428},
       number = {4},
        pages = {3121-3138},
          doi = {10.1093/mnras/sts261},
archivePrefix = {arXiv},
       eprint = {1205.5807},
 primaryClass = {astro-ph.CO},
       adsurl = {https://ui.adsabs.harvard.edu/abs/2013MNRAS.428.3121M},
      adsnote = {Provided by the SAO/NASA Astrophysics Data System}
}

@ARTICLE{Marel+2012,
       author = {{van der Marel}, Roeland P. and {Besla}, Gurtina and {Cox}, T.~J. and {Sohn}, Sangmo Tony and {Anderson}, Jay},
        title = "{The M31 Velocity Vector. III. Future Milky Way M31-M33 Orbital Evolution, Merging, and Fate of the Sun}",
      journal = {\apj},
     keywords = {galaxies: individual: M31, galaxies: kinematics and dynamics, Local Group, proper motions, Astrophysics - Galaxy Astrophysics},
         year = 2012,
        month = jul,
       volume = {753},
       number = {1},
          eid = {9},
        pages = {9},
          doi = {10.1088/0004-637X/753/1/9},
archivePrefix = {arXiv},
       eprint = {1205.6865},
 primaryClass = {astro-ph.GA},
       adsurl = {https://ui.adsabs.harvard.edu/abs/2012ApJ...753....9V},
      adsnote = {Provided by the SAO/NASA Astrophysics Data System}
}

